\begin{thebibliography}{1}
@book{koza92,
		author    = "Koza, John R.",
		title     = "Genetic Programming: On the Programming of Computers by Means of Natural Selection",
		publisher = "MIT Press",
		year      = "1992"
}


@misc{ wiki:latex,
       author = "Wikipedia",
       title = "LaTeX --- Wikipedia{,} La enciclopedia libre",
       year = "2015",
       url = "https://es.wikipedia.org/w/index.php?title=LaTeX&oldid=84209252",
       note = "[Internet; descargado 30-septiembre-2015]"
}
@misc{ wiki:framework,
       author = "Wikipedia",
       title = "Framework --- Wikipedia{,} La enciclopedia libre",
       year = "2020",
       howpublished = {\url{https://es.wikipedia.org/wiki/Framework}}
}

@misc{ scrum,
       author = "Xavier Albaladejo,
José Ramón Díaz,
Xavier Quesada Allue,
Jordi Salvat i Alabart,
Jesús Iglesias,
Gustavo Veliz Bernaola,
Martín Pérez",
       title = "Metodología SCRUM",
       howpublished = {\url{ https://proyectosagiles.org/que-es-scrum/}}
}

@misc{ wiki:jinja2,
       author = "Wikipedia",
       title = "Jinja --- Wikipedia{,} La enciclopedia libre",
       year = "2020 (accedido 23/06/2020)",
       howpublished = {\url{https://en.wikipedia.org/wiki/Jinja_(template_engine)}}
}
@misc{ wiki:javascript,
       author = "Wikipedia",
       title = "JavaScript --- Wikipedia{,} La enciclopedia libre",
       year = "2020 (accedido 23/06/2020)",
       url = "https://es.wikipedia.org/wiki/JavaScript"
}
@misc{ wiki:bootstrap,
       author = "Wikipedia",
       title = "Bootstrap (framework) --- Wikipedia{,} La enciclopedia libre",
       year = "2020 (accedido 23/06/2020)",
       howpublished = {\url{https://es.wikipedia.org/w/index.php?title=Bootstrap_(framework)&oldid=125923117",
       note = "[Internet; descargado 23-junio-2020]}}
}

@misc{ wiki:azure,
       author = "Wikipedia",
       title = "Microsoft Azure --- Wikipedia{,} La enciclopedia libre",
       year = "2020 (accedido 23/06/2020)",
       howpublished = {\url{https://es.wikipedia.org/w/index.php?title=Microsoft_Azure&oldid=126900073",
       note = "[Internet; descargado 23-junio-2020]}}
}
@misc{ FlaskDefinicion,
       author = "José Domingo Muñoz",
       title = "Qué es Flask",
       year = "2017 (accedido 26/06/2020)",
       howpublished = {\url{https://openwebinars.net/blog/que-es-flask/}}
}
@misc{ wiki:ODBC,
       author = "Wikipedia",
       title = "ODBC --- Wikipedia{,} La enciclopedia libre",
       year = "2019 (accedido 28/06/2020)",
       howpublished = {\url{https://es.wikipedia.org/wiki/Open_Database_Connectivity}}
}

@misc{ wiki:REST,
       author = "Wikipedia",
       title = "REST Wikipedia{,} La enciclopedia libre",
       year = "2020 (accedido 28/06/2020)",
       howpublished = {\url{https://es.wikipedia.org/wiki/Transferencia_de_Estado_Representacional}}
}
@article{bortolot2005,
  title={Estimating forest biomass using small footprint LiDAR data: An individual tree-based approach that incorporates training data},
  author={Bortolot, Zachary J and Wynne, Randolph H},
  journal={ISPRS Journal of Photogrammetry and Remote Sensing},
  volume={59},
  number={6},
  pages={342--360},
  year={2005},
  publisher={Elsevier}
}

@misc{
    microsoftGraph,
    author = "Microsoft Corp",
    title = "Comparar los extremos de Microsoft Graph y la API de REST de Outlook",
    year = "2017 (accedido 28/06/2020)",
    howpublished = {\url{https://docs.microsoft.com/es-ES/outlook/rest/compare-graph}}
}


@misc{
    flaskMegaTutorial,
    author = "Miguel Grinberg",
    title = "Tutorial Flask",
    year = "2017 (accedido 20/06/2020)",
    howpublished = {\url{https://blog.miguelgrinberg.com/post/the-flask-mega-tutorial-part-i-hello-world}}
}

@misc{
    j2logo,
    author = "José Lozano Gómez",
    title = "Tutorial Flask en español",
    year = "2018 (accedido 20/06/2020)",
    howpublished = {\url{https://j2logo.com/tutorial-flask-espanol/}}
}

@misc{
    pylint,
    author = " Python Code Quality Authority",
    title = "Pylint",
    year = "2020 (accedido 26/06/2020)",
    howpublished = {\url{https://pypi.org/project/pylint/}}
}
@misc{ wiki:gitTortoise,
    author = "{Wikipedia contributors}",
    title = "TortoiseGit --- {Wikipedia}{,} The Free Encyclopedia",
    year = "2020 (accedido 20/06/2020)",
    howpublished = {\url{https://en.wikipedia.org/w/index.php?title=TortoiseGit&oldid=956271231}},
    note = "[Online; accessed 23-June-2020]"
  }

@misc{ JWT,
    author = " Luis Miguel López Magaña",
    title = "JSON Web Token",
    year = "2020 (accedido 28/06/2020)",
    howpublished = {\url{https://openwebinars.net/blog/que-es-json-web-token-y-como-funciona/}}
  }
@misc{ compartirCalendario,
    author = "Microsoft Corp",
    title = "Compartir o delegar un calendario en Outlook",
    year = "2020 (accedido 26/06/2020)",
    howpublished = {\url{https://docs.microsoft.com/es-es/graph/outlook-share-or-delegate-calendar?tabs=http}}
}  
@misc{
    microsoftGraph,
    author = "Microsoft Corp",
    title = "Microsoft graph",
    year = "2020 (accedido 26/06/2020)",
    howpublished = {\url{https://docs.microsoft.com/es-es/graph/api/overview?view=graph-rest-1.0}}
}

@misc{
    Flask,
    author = "Pallets",
    title = "Flask",
    year = "2010 (accedido 20/06/2020)",
    howpublished = {\url{https://flask.palletsprojects.com/en/1.1.x/}}
}


@misc{
    Bootstrap,
    title = "Bootstrap team",
    year = "2018 (accedido 29/06/2020)",
    howpublished = {\url{https://getbootstrap.com/docs/4.5/getting-started/introduction/}}
}

@misc{
    pythonMicrosoftGraph,
    aythor="Microsoft Corp",
    title = "Python en microsoft graph",
    howpublished = {\url{https://docs.microsoft.com/es-es/graph/tutorials/python}}
}

@misc{
    microsoftGraphCompare,
    author = "Microsoft Corp",
    title = "Microsoft Graph comparación API Outlook",
    year = "2017 (accedido 02/07/2020)",
    howpublished = {\url{https://docs.microsoft.com/es-ES/outlook/rest/compare-graph}}
}
 @misc{ wiki:sqlServer,
       author = "Wikipedia",
       title = "Microsoft SQL Server --- Wikipedia{,} La enciclopedia libre",
       year = "2020 (accedido 28/06/2020)",
       howpublished = {\url{https://es.wikipedia.org/w/index.php?title=Microsoft_SQL_Server&oldid=125873041",
       note = "[Internet; descargado 28-junio-2020]}}
}
@misc{
    pythonSample,
    author = "kraigb ",
    title = "Python sample",
    year = "2018 (accedido 26/06/2020)",
    howpublished = {\url{https://github.com/microsoft/python-sample-vscode-flask-tutorial}}
}
@misc{
    flaskTutorialVSCode,
    author = "VSCode",
    title = "Flask tutorial VSCode",
    year = "2019 (accedido 26/06/2020)",
    howpublished = {\url{https://code.visualstudio.com/docs/python/tutorial-flask}}
}

@misc{
    deployVSCode,
    author = "Microsoft Corp",
    title = "Deploy Azure app service en VSCode",
    year = "2019 (accedido 26/06/2020)",
    howpublished = {\url{https://docs.microsoft.com/es-es/azure/developer/python/tutorial-deploy-app-service-on-linux-01}}
}

@misc{
    BookedScheduler,
    author = "Valentín Gómez",
    title = "App booked scheduler",
    year = "2016 (accedido 26/06/2020)",
    howpublished = {\url{https://valentingom.wordpress.com/2016/07/10/booked-scheduler-reservas/}}
}



@misc{
    BookedApp,
    author={Francisco Micó Juan, Gonzalo del Palacio Jiménez, Marina Calderón de la Barca Signès, Mario García Suárez, Manuel Valcárcel López; Elena Cuadrado del Arco (dir.), Elena Fernández Blanco (dir.)},
    journal={20 minutos},
    year={2017 (accedido 08/07/2020)},
    howpublished = {\url{https://www.20minutos.es/noticia/3091727/0/alumnos-upsa-crean-app-para-reservar-aulas-ver-ocupacion-biblioteca-tiempo-real/}}
    eprint = {https://www.20minutos.es/noticia/3091727/0/alumnos-upsa-crean-app-para-reservar-aulas-ver-ocupacion-biblioteca-tiempo-real/}
}

\end{thebibliography}