\begin{thebibliography}{1}
@book{koza92,
		author    = "Koza, John R.",
		title     = "Genetic Programming: On the Programming of Computers by Means of Natural Selection",
		publisher = "MIT Press",
		year      = "1992"
}


@misc{ wiki:latex,
       author = "Wikipedia",
       title = "LaTeX --- Wikipedia{,} La enciclopedia libre",
       year = "2015",
       url = "https://es.wikipedia.org/w/index.php?title=LaTeX&oldid=84209252",
       note = "[Internet; descargado 30-septiembre-2015]"
}


@misc{ loginO365,

       author = "Bryson Tyrrell",

       title = "Login flask app O365",

       year = "2016 (accedido 28/06/2020)",

       publisher = "Git Hub",

       howpublished = {\url{https://github.com/brysontyrrell/Office-365-Flask-App}}

}

@misc{
    deployVSCode,
    author = "Microsoft",
    title = "Deploy Azure app service en VSCode",
    year = "2019",
    howpublished = {\url{https://docs.microsoft.com/es-es/azure/developer/python/tutorial-deploy-app-service-on-linux-01}}
}

@misc{ wiki:MVC,
       author = "Wikipedia",
       title = "Modelo–vista–controlador --- Wikipedia{,} La enciclopedia libre",
       year = "2020",
       howpublished = {\url{https://es.wikipedia.org/w/index.php?title=Modelo%E2%80%93vista%E2%80%93controlador&oldid=126942232",
       note = "[Internet; descargado 27-junio-2020]}}
}

@misc{ licencias,
       author = "GNU",
       title = "Licencias - GNU",
       year = "2019",
       howpublished = {\url{https://www.gnu.org/licenses/license-list.es.html#SoftwareLicenses}},
}
@misc{
    pythonMicrosoftGraph,
    aythor="Microsoft",
    title = "Python en microsoft graph",
    howpublished = {\url{https://docs.microsoft.com/es-es/graph/tutorials/python}}
}

\end{thebibliography}